<?xml version="1.0" encoding="UTF-8"?><collection xmlns="http://www.loc.gov/MARC21/slim"><record><leader>00369nam--2200133-i-4500</leader><controlfield tag="001">000034016</controlfield><controlfield tag="002">20161230</controlfield><controlfield tag="005">20161230201039</controlfield><controlfield tag="008">060222s1000------------r-----000-0-eng-d</controlfield><datafield ind1=" " ind2=" " tag="080"><subfield code="a">621.38</subfield></datafield><datafield ind1=" " ind2=" " tag="100"><subfield code="a">Moschwitzer, Albrecht</subfield></datafield><datafield ind1=" " ind2=" " tag="245"><subfield code="a">Integration elektronischer schaultunungen 2., bearbeitete auflage</subfield></datafield><datafield ind1=" " ind2=" " tag="260"><subfield code="a">Berlin, Veb Verlag Technik, 1974, 155p</subfield></datafield><datafield ind1=" " ind2=" " tag="852"><subfield code="a">43862</subfield></datafield></record></collection>